<?xml version="1.0"?>
<records xmlns="http://www.openarchives.org/OAI/2.0/">
  <record>
    <header>
      <identifier>oai:mst.rochester.edu:130</identifier>
    </header>
    <metadata>
      <marc:record xmlns:marc="http://www.loc.gov/MARC21/slim" xmlns:xsi="http://www.w3.org/2001/XMLSchema-instance" xsi:schemaLocation="http://www.loc.gov/MARC21/slim http://www.loc.gov/standards/marcxml/schema/MARC21slim.xsd">
        <marc:leader>01542cam a2200469 a 4500</marc:leader>
        <marc:controlfield tag="001">3795970</marc:controlfield>
        <marc:controlfield tag="005">20080508092446.0</marc:controlfield>
        <marc:controlfield tag="008">071002s2008    mau      b    001 0 eng  </marc:controlfield>
        <marc:datafield tag="010" ind1=" " ind2=" ">
          <marc:subfield code="a">  2007040883</marc:subfield>
        </marc:datafield>
        <marc:datafield tag="035" ind1=" " ind2=" ">
          <marc:subfield code="a">(OCoLC)ocn174112674</marc:subfield>
        </marc:datafield>
        <marc:datafield tag="040" ind1=" " ind2=" ">
          <marc:subfield code="a">DLC</marc:subfield>
          <marc:subfield code="c">DLC</marc:subfield>
          <marc:subfield code="d">BAKER</marc:subfield>
          <marc:subfield code="d">BTCTA</marc:subfield>
          <marc:subfield code="d">YDXCP</marc:subfield>
          <marc:subfield code="d">UKM</marc:subfield>
          <marc:subfield code="d">C#P</marc:subfield>
          <marc:subfield code="d">IXA</marc:subfield>
        </marc:datafield>
        <marc:datafield tag="015" ind1=" " ind2=" ">
          <marc:subfield code="a">GBA819756</marc:subfield>
          <marc:subfield code="2">bnb</marc:subfield>
        </marc:datafield>
        <marc:datafield tag="016" ind1="7" ind2=" ">
          <marc:subfield code="a">014524531</marc:subfield>
          <marc:subfield code="2">Uk</marc:subfield>
        </marc:datafield>
        <marc:datafield tag="020" ind1=" " ind2=" ">
          <marc:subfield code="a">9780674028043</marc:subfield>
        </marc:datafield>
        <marc:datafield tag="020" ind1=" " ind2=" ">
          <marc:subfield code="a">067402804X</marc:subfield>
        </marc:datafield>
        <marc:datafield tag="024" ind1="7" ind2=" ">
          <marc:subfield code="a">40015320738</marc:subfield>
          <marc:subfield code="2">YBP</marc:subfield>
        </marc:datafield>
        <marc:datafield tag="035" ind1=" " ind2=" ">
          <marc:subfield code="a">(OCoLC)174112674</marc:subfield>
        </marc:datafield>
        <marc:datafield tag="041" ind1="1" ind2=" ">
          <marc:subfield code="a">eng</marc:subfield>
          <marc:subfield code="h">fre</marc:subfield>
        </marc:datafield>
        <marc:datafield tag="049" ind1=" " ind2=" ">
          <marc:subfield code="a">RRRR</marc:subfield>
        </marc:datafield>
        <marc:datafield tag="050" ind1="0" ind2="0">
          <marc:subfield code="a">HV6431</marc:subfield>
          <marc:subfield code="b">.A4613 2008</marc:subfield>
        </marc:datafield>
        <marc:datafield tag="082" ind1="0" ind2="0">
          <marc:subfield code="a">363.325</marc:subfield>
          <marc:subfield code="2">22</marc:subfield>
        </marc:datafield>
        <marc:datafield tag="130" ind1="0" ind2=" ">
          <marc:subfield code="a">Al-Qaida dans le texte.</marc:subfield>
          <marc:subfield code="l">English</marc:subfield>
        </marc:datafield>
        <marc:datafield tag="245" ind1="1" ind2="0">
          <marc:subfield code="a">Al Qaeda in its own words /</marc:subfield>
          <marc:subfield code="c">edited by Gilles Kepel and Jean-Pierre Milelli ; translated by Pascale Ghazaleh.</marc:subfield>
        </marc:datafield>
        <marc:datafield tag="260" ind1=" " ind2=" ">
          <marc:subfield code="a">Cambridge, Mass. :</marc:subfield>
          <marc:subfield code="b">Belknap Press of Harvard University Press,</marc:subfield>
          <marc:subfield code="c">2008.</marc:subfield>
        </marc:datafield>
        <marc:datafield tag="300" ind1=" " ind2=" ">
          <marc:subfield code="a">xiv, 363 p. ;</marc:subfield>
          <marc:subfield code="c">22 cm.</marc:subfield>
        </marc:datafield>
        <marc:datafield tag="504" ind1=" " ind2=" ">
          <marc:subfield code="a">Includes bibliographical references and index.</marc:subfield>
        </marc:datafield>
        <marc:datafield tag="500" ind1=" " ind2=" ">
          <marc:subfield code="a">Translated from the French.</marc:subfield>
        </marc:datafield>
        <marc:datafield tag="610" ind1="2" ind2="0">
          <marc:subfield code="a">Qaida (Organization)</marc:subfield>
        </marc:datafield>
        <marc:datafield tag="650" ind1=" " ind2="0">
          <marc:subfield code="a">Terrorism.</marc:subfield>
        </marc:datafield>
        <marc:datafield tag="650" ind1=" " ind2="0">
          <marc:subfield code="a">Jihad.</marc:subfield>
        </marc:datafield>
        <marc:datafield tag="650" ind1=" " ind2="0">
          <marc:subfield code="a">Islamic fundamentalism.</marc:subfield>
        </marc:datafield>
        <marc:datafield tag="650" ind1=" " ind2="0">
          <marc:subfield code="a">Islam and politics.</marc:subfield>
        </marc:datafield>
        <marc:datafield tag="700" ind1="1" ind2=" ">
          <marc:subfield code="a">Kepel, Gilles.</marc:subfield>
        </marc:datafield>
        <marc:datafield tag="700" ind1="1" ind2=" ">
          <marc:subfield code="a">Milelli, Jean-Pierre.</marc:subfield>
        </marc:datafield>
        <marc:datafield tag="700" ind1="1" ind2=" ">
          <marc:subfield code="a">Ghazaleh, Pascale.</marc:subfield>
        </marc:datafield>
        <marc:datafield tag="938" ind1=" " ind2=" ">
          <marc:subfield code="a">Baker &amp; Taylor</marc:subfield>
          <marc:subfield code="b">BKTY</marc:subfield>
          <marc:subfield code="c">27.95</marc:subfield>
          <marc:subfield code="d">20.96</marc:subfield>
          <marc:subfield code="i">067402804X</marc:subfield>
          <marc:subfield code="n">0007495212</marc:subfield>
          <marc:subfield code="s">active</marc:subfield>
        </marc:datafield>
        <marc:datafield tag="938" ind1=" " ind2=" ">
          <marc:subfield code="a">Baker and Taylor</marc:subfield>
          <marc:subfield code="b">BTCP</marc:subfield>
          <marc:subfield code="n">BK0007495212</marc:subfield>
        </marc:datafield>
        <marc:datafield tag="938" ind1=" " ind2=" ">
          <marc:subfield code="a">YBP Library Services</marc:subfield>
          <marc:subfield code="b">YANK</marc:subfield>
          <marc:subfield code="n">2734169</marc:subfield>
        </marc:datafield>
        <marc:datafield tag="945" ind1=" " ind2=" ">
          <marc:subfield code="a">PromptCat</marc:subfield>
        </marc:datafield>
        <marc:datafield tag="949" ind1=" " ind2=" ">
          <marc:subfield code="b">39087029408269</marc:subfield>
        </marc:datafield>
        <marc:datafield tag="980" ind1=" " ind2=" ">
          <marc:subfield code="a">2008-04-23</marc:subfield>
          <marc:subfield code="b">27.95</marc:subfield>
          <marc:subfield code="e">23.48</marc:subfield>
          <marc:subfield code="f">395850</marc:subfield>
          <marc:subfield code="g">1</marc:subfield>
        </marc:datafield>
        <marc:datafield tag="994" ind1=" " ind2=" ">
          <marc:subfield code="a">92</marc:subfield>
          <marc:subfield code="b">RRR</marc:subfield>
        </marc:datafield>
      </marc:record>
    </metadata>
  </record>
</records>
